@misc{nyquist,
  author = {{National Instruments}},
  title = {Acquiring an Analog Signal: Bandwidth, Nyquist Sampling Theorem, and Aliasing},
  year = {2024},
  url = {\url{https://www.ni.com/en/shop/data-acquisition/measurement-fundamentals/analog-fundamentals/acquiring-an-analog-signal--bandwidth--nyquist-sampling-theorem-.html#:~:text=The%20Nyquist%20Sampling%20Theorem%20explains,the%20Nyquist%20frequency%2C%20fN.}}
}